%% This BibTeX bibliography file was created using BibDesk.
%% http://bibdesk.sourceforge.net/


%% Created for Songqing Chen at 2014-01-30 09:38:14 -0500 


%% Saved with string encoding Unicode (UTF-8) 


@inproceedings{AG10,
 author = {Carroll, Aaron and Heiser, Gernot},
 title = {An Analysis of Power Consumption in a Smartphone},
 booktitle = {Proceedings of the 2010 USENIX Conference on USENIX Annual Technical Conference},
 series = {USENIXATC'10},
 year = {2010},
 location = {Boston, MA},
 pages = {21--21},
 numpages = {1},
 url = {http://dl.acm.org/citation.cfm?id=1855840.1855861},
 acmid = {1855861},
 publisher = {USENIX Association},
 address = {Berkeley, CA, USA},
} 
